@ARTICLE{Knuth84literateprogramming,
    author = {Donald E. Knuth},
    title = {Literate programming},
    journal = {The Computer Journal},
    year = {1984},
    volume = {27},
    pages = {97--111},
    pdf = {http://www.literateprogramming.com/knuthweb.pdf}
}

@BOOK{mathematicbook:third,
  author = {Stephen Wolfram},
  edition = {Third},
  title = {The {Mathematica} Book},
  publisher = {Wolfram Media/Cambridge University Press},
  year = 1996
}

