% This file was created with JabRef 2.9b2.
% Encoding: UTF8

@INCOLLECTION{raey,
  author = {Ahlander, Krister and Haveraaen, Magne and Munthe-Kaas, HansZ.},
  title = {On the Role of Mathematical Abstractions for Scientific Computing},
  booktitle = {The Architecture of Scientific Software},
  publisher = {Springer US},
  year = {2001},
  editor = {Boisvert, RonaldF. and Tang, PingTakPeter},
  volume = {60},
  series = {IFIP -- The International Federation for Information Processing},
  pages = {145-158},
  doi = {10.1007/978-0-387-35407-1_9},
  isbn = {978-1-4757-6719-3},
  keywords = {Abstraction; coordinate-free numerics; object-oriented modeling; PDE
	simulation.},
  language = {English},
  url = {http://dx.doi.org/10.1007/978-0-387-35407-1_9}
}

@ARTICLE{alastrueyarterial,
  author = {Alastruey, Jordi and Parker, Kim H and Sherwin, Spencer J},
  title = {Arterial pulse wave haemodynamics}
}

@ARTICLE{hiflow3,
  author = {Anzt, Hartwig and Augustin, Werner and Baumann, Martin and Bockelmann,
	Hendryk and Gengenbach, Thomas and Hahn, Tobias and Heuveline, Vincent
	and Ketelaer, Eva and Lukarski, Dimitar and Otzen, Andrea and others},
  title = {HiFlow3--A Flexible and Hardware-Aware Parallel Finite Element Package},
  journal = {Preprint Series of the Engineering Mathematics and Computing Lab},
  year = {2013},
  number = {06}
}

@BOOK{arnez2003simulations,
  title = {Simulations in Biomedicine V: },
  publisher = {WIT Press},
  year = {2003},
  author = {Arnez, Z.M. and Brebbia, C.A. and Solina, F. and Stankovski, V.},
  series = {WIT Transactions on Biomedicine and Health},
  isbn = {9781853129650},
  lccn = {2003279424},
  url = {http://books.google.cz/books?id=NZ7CAQAAQBAJ}
}

@MISC{Modelica3.3Spec,
  author = {Modelica Association},
  title = {Modelica Specification, version 3.3},
  howpublished = {\\https://www.modelica.org/documents/ModelicaSpec33.pdf},
  owner = {janek},
  quality = {1},
  timestamp = {2014.02.25}
}

@MASTERSTHESIS{PDELib,
  author = {Farid Dshabarow},
  title = {Support for Dymola in the Modeling and Simulation of Physical Systems
	with Distributed Parameters},
  school = {Dept. f\"{u}r Computational Science, ETH Z\"{u}rich},
  year = {2007},
  owner = {janek},
  quality = {1},
  timestamp = {2013.11.06}
}

@BOOK{fritzson2010principles,
  title = {Principles of Object-Oriented Modeling and Simulation with Modelica
	2.1},
  publisher = {Wiley-IEEE Press},
  year = {2004},
  author = {Fritzson, Peter}
}

@ARTICLE{gao2006stress,
  author = {Gao, Feng and Watanabe, Masahiro and Matsuzawa, Teruo and others},
  title = {Stress analysis in a layered aortic arch model under pulsatile blood
	flow},
  journal = {Biomed Eng Online},
  year = {2006},
  volume = {5},
  pages = {1--11},
  number = {25}
}

@ARTICLE{gosling2003terminology,
  author = {Gosling, Raymond G and Budge, Marc M},
  title = {Terminology for describing the elastic behavior of arteries},
  journal = {Hypertension},
  year = {2003},
  volume = {41},
  pages = {1180--1182},
  number = {6},
  publisher = {Am Heart Assoc}
}

@BOOK{guccione2010computational,
  title = {Computational Cardiovascular Mechanics: Modeling and Applications
	in Heart Failure},
  publisher = {Springer},
  year = {2010},
  author = {Guccione, J.M. and Kassab, G. and Ratcliffe, M.},
  isbn = {9781441907301},
  url = {http://books.google.cz/books?id=l1u\_8qMhAx4C}
}

@ARTICLE{Horacek,
  author = {J. Horacek and P. Sidlof and J.G. Svec},
  title = {Numerical simulation of self-oscillations of human vocal folds with
	Hertz model of impact forces },
  journal = {Journal of Fluids and Structures },
  year = {2005},
  volume = {20},
  pages = {853 - 869},
  number = {6},
  note = {Axial-Flow Fluid-Structure Interactions Axial-Flow Fluid-Structure
	Interactions },
  doi = {http://dx.doi.org/10.1016/j.jfluidstructs.2005.05.003},
  issn = {0889-9746},
  keywords = {Flow induced vibrations},
  url = {http://www.sciencedirect.com/science/article/pii/S0889974605000642}
}

@BOOK{de1995ventilation,
  title = {Ventilation Modelling of the Human Lung},
  publisher = {Delft University of Technology, Faculty of Aerospace Engineering},
  year = {1995},
  author = {de Jongh, F.H.C.},
  isbn = {9789056230142},
  url = {http://books.google.cz/books?id=E60cAAAACAAJ}
}

@BOOK{keener2009mathematical,
  title = {Mathematical Physiology},
  publisher = {Springer},
  year = {2009},
  author = {Keener, J.P. and Sneyd, J.},
  series = {Interdisciplinary Applied Mathematics},
  isbn = {9780387758466},
  lccn = {98014499},
  url = {http://books.google.cz/books?id=HIkZ3QHbpTQC}
}

@TECHREPORT{MaplePDE,
  author = {Samir Khan},
  title = {Discretizing pdes for maplesim},
  institution = {Adept Scientific},
  year = {2012},
  owner = {janek},
  quality = {1},
  timestamp = {2013.11.06}
}

@ARTICLE{kofranek2011hummod,
  author = {Kofranek, Jiri and Matejak, Marek and Privitzer, Pavol},
  title = {Hummod-large scale physiological models in modelica},
  year = {2011},
  publisher = {Citeseer}
}

@ARTICLE{kofranek2011atlas,
  author = {Kofranek, Jiri and Matousek, Stanislav and Rusz, Jan and Stodulka,
	Petr and Privitzer, Pavol and Matejak, Marek and Tribula, Martin},
  title = {The Atlas of Physiology and Pathophysiology: Web-based multimedia
	enabled interactive simulations},
  journal = {Computer methods and programs in biomedicine},
  year = {2011},
  volume = {104},
  pages = {143--153},
  number = {2},
  publisher = {Elsevier}
}

@ARTICLE{PeripheralArterial,
  author = {Lang, Roberto M and Cholley, Bernard P and Korcarz, Claudia and Marcus,
	Richard H and Shroff, Sanjeev G},
  title = {Measurement of regional elastic properties of the human aorta. A
	new application of transesophageal echocardiography with automated
	border detection and calibrated subclavian pulse tracings.},
  journal = {Circulation},
  year = {1994},
  volume = {90},
  pages = {1875--1882},
  number = {4},
  publisher = {Am Heart Assoc}
}

@ARTICLE{layton1991bifurcation,
  author = {Layton, HE and Pitman, E BRUCE and Moore, LEON C},
  title = {Bifurcation analysis of TGF-mediated oscillations in SNGFR},
  journal = {Amer. J. Physiol},
  year = {1991},
  volume = {261}
}

@BOOK{leveque2007finite,
  title = {Finite difference methods for ordinary and partial differential equations:
	steady-state and time-dependent problems},
  publisher = {Society for Industrial and Applied Mathematics},
  year = {2007},
  author = {LeVeque, Randall}
}

@INPROCEEDINGS{Li2008,
  author = {Li, Zhihua and Zheng, Ling and Zhang, Huili},
  title = {Solving PDE models in Modelica},
  booktitle = {Information Science and Engineering, 2008. ISISE'08. International
	Symposium on Information Science and Engieering. ISISE},
  year = {2008},
  volume = {1},
  pages = {53--57},
  organization = {IEEE}
}

@INPROCEEDINGS{li2008solving,
  author = {Li, Zhihua and Zheng, Ling and Zhang, Huili},
  title = {Solving PDE Models in Modelica},
  booktitle = {Proceedings of the 2008 International Symposium on Information Science
	and Engieering-Volume 01},
  year = {2008},
  pages = {53--57},
  organization = {IEEE Computer Society}
}

@ARTICLE{martinson2003index,
  author = {Martinson, Wade S and Barton, Paul I},
  title = {Index and characteristic analysis of linear PDAE systems},
  journal = {SIAM Journal on Scientific Computing},
  year = {2003},
  volume = {24},
  pages = {905--923},
  number = {3},
  publisher = {SIAM}
}

@ARTICLE{martinson2000differentiation,
  author = {Martinson, Wade S and Barton, Paul I},
  title = {A differentiation index for partial differential-algebraic equations},
  journal = {SIAM Journal on Scientific Computing},
  year = {2000},
  volume = {21},
  pages = {2295--2315},
  number = {6},
  publisher = {SIAM}
}

@BOOK{murray2003mathematical,
  title = {Mathematical Biology II: Spatial Models and Biomedical Applications},
  publisher = {Springer},
  year = {2003},
  author = {Murray, J.D.},
  series = {Intercisciplinary Applied Mathematics: Mathematical Biology},
  isbn = {9780387952284},
  lccn = {2001020448},
  url = {http://books.google.cz/books?id=Dk8pFkP2cKYC}
}

@PHDTHESIS{saldamli2006pdemodelica,
  author = {Saldamli, Levon},
  title = {A High-Level Language for Modeling with Partial Differential Equations},
  school = {Department of Computer and Information Science, Link{\"o}ping University},
  year = {2006}
}

@INPROCEEDINGS{saldamli2005framework,
  author = {Saldamli, Levon and Bachmann, Bernhard and Wiesmann, Hansj{\"u}rg
	and Fritzson, Peter},
  title = {A framework for describing and solving PDE models in Modelica},
  booktitle = {Paper presented at the 4th International Modelica Conference},
  year = {2005}
}

@BOOK{schiesser1991numerical,
  title = {The numerical method of lines: integration of partial differential
	equations},
  publisher = {Academic Press San Diego},
  year = {1991},
  author = {Schiesser, William E and Schiesser, William E},
  volume = {212}
}

@ARTICLE{sherwin2003one,
  author = {Sherwin, SJ and Franke, V and Peir{\'o}, J and Parker, K},
  title = {One-dimensional modelling of a vascular network in space-time variables},
  journal = {Journal of Engineering Mathematics},
  year = {2003},
  volume = {47},
  pages = {217--250},
  number = {3-4},
  publisher = {Springer}
}

@BOOK{sneyd2008mathematical,
  title = {Mathematical physiology},
  publisher = {Springer-Verlag New York},
  year = {2008},
  author = {Sneyd, James and Keener, James}
}

@ARTICLE{PDEModelingHiFlow3,
  author = {Kristian Stav{\aa}ker and Staffan Ronn{\aa}s and Martin Wlotzka and
	Vincent Heuveline and Peter Fritzson},
  title = {PDE Modeling with Modelica via FMI Import of HiFlow3 C++ Components},
  note = {Accepted},
  owner = {janek},
  quality = {1},
  timestamp = {2013.10.14}
}

@CONFERENCE{HiFlow3FMI,
  author = {Kristian Stav{\aa}ker and Stafan Ronn{\aa}s and Martin Wlotzka and
	Vincent Heuveline and Peter Fritzson},
  title = {PDE Modeling with Modelica via FMI Import of HiFlow3 C++ Components},
  booktitle = {SIMS 54th conference Bergen University College, Norway},
  year = {2013},
  month = {October},
  owner = {janek},
  quality = {1},
  timestamp = {2013.11.10}
}

@MISC{KristiansSlides,
  author = {Kristian Stavaker},
  title = {Demonstration: Using HiFlow3 together with Modelica},
  howpublished = {Slides},
  month = {March 26},
  year = {2013},
  owner = {janeks},
  timestamp = {2013.08.06}
}

@ARTICLE{vazquez2011massively,
  author = {V{\'a}zquez, M and Ar{\'\i}s, R and Houzeaux, G and Aubry, R and
	Villar, P and Garcia-Barn{\'e}s, J and Gil, D and Carreras, F},
  title = {A massively parallel computational electrophysiology model of the
	heart},
  journal = {International Journal for Numerical Methods in Biomedical Engineering},
  year = {2011},
  volume = {27},
  pages = {1911--1929},
  number = {12},
  publisher = {Wiley Online Library}
}

@ARTICLE{voelcker1977constructive,
  author = {Voelcker, Herbert and Requicha, Aristides},
  title = {Constructive solid geometry},
  year = {1977}
}

@ARTICLE{voges2012normal,
  author = {Voges, Inga and Jerosch-Herold, Michael and Hedderich, J{\"u}rgen
	and Pardun, Eileen and Hart, Christopher and Gabbert, Dominik Daniel
	and Hansen, Jan Hinnerk and Petko, Colin and Kramer, Hans-Heiner
	and Rickers, Carsten and others},
  title = {Normal values of aortic dimensions, distensibility, and pulse wave
	velocity in children and young adults: a cross-sectional study},
  journal = {Journal of Cardiovascular Magnetic Resonance},
  year = {2012},
  volume = {14},
  pages = {77},
  number = {1},
  publisher = {BioMed Central Ltd}
}

@MISC{acoustic,
  author = {Wikipedia},
  title = {Acoustic theory},
  note = {http://en.wikipedia.org/wiki/Acoustic\_theory},
  owner = {Jan},
  timestamp = {2013.09.27}
}

@MISC{advection,
  author = {Wikipedia},
  title = {Advection equation},
  note = {http://en.wikipedia.org/wiki/Advection},
  owner = {janeks},
  timestamp = {2013.06.26}
}

@MISC{blood-viscosity,
  author = {Wikipedia},
  title = {Blood viscosity},
  note = {http://en.wikipedia.org/wiki/Blood\_viscosity},
  owner = {Jan},
  timestamp = {2013.09.20}
}

@MISC{hagen-poiseuille,
  author = {Wikipedia},
  title = {Hagen--Poiseuille equation},
  note = {http://en.wikipedia.org/wiki/Hagen%E2%80%93Poiseuille_equation},
  owner = {Jan},
  timestamp = {2013.09.20}
}

@MISC{HeatEq,
  author = {Wikipedia},
  title = {Heat Equation},
  note = {http://en.wikipedia.org/wiki/Heat\_equation},
  owner = {janeks},
  timestamp = {2013.05.21}
}

@MISC{membrane,
  author = {Wikipedia},
  title = {Vibrating membrane},
  note = {http://en.wikipedia.org/wiki/Vibrations\_of\_a\_circular\_membrane},
  owner = {Jan},
  timestamp = {2013.09.27}
}

@MISC{prestupTepla,
  author = {Wikipedia},
  title = {Přestup tepla},
  note = {http://cs.wikipedia.org/wiki/Přestup\_tepla},
  owner = {janeks},
  timestamp = {2013.05.21}
}

@MISC{SolidModeling,
  author = {Wikipedia},
  title = {Solid Modeling},
  note = {http://en.wikipedia.org/wiki/Solid\_modeling},
  owner = {janek},
  quality = {1},
  timestamp = {2013.11.05}
}

@MISC{string,
  author = {Wikipedia},
  title = {Vibrating string},
  note = {http://en.wikipedia.org/wiki/Vibrating\_string},
  owner = {janeks},
  timestamp = {2013.06.26}
}

@ELECTRONIC{FMIWeb,
  title = {The Functional Mockup Interface (FMI)},
  note = {https://www.fmi-standard.org/},
  owner = {janek},
  quality = {1},
  timestamp = {2013.11.10}
}

@ELECTRONIC{Modelica,
  title = {Modelica Association},
  note = {http://www.modelica.org},
  owner = {janek},
  quality = {1},
  timestamp = {2013.11.10}
}

@comment{jabref-meta: selector_review:}

@comment{jabref-meta: selector_publisher:}

@comment{jabref-meta: selector_author:}

@comment{jabref-meta: selector_journal:}

@comment{jabref-meta: selector_keywords:}

