@misc{openmodelica:current,
title = "OpenModelica",
author = {
Peter Fritzson and
Adrian Pop and
Martin Sjölund and
Per Östlund and
Adeel Asghar and
Willi Braun and
Jens Frenkel and
Lennart Ochel and
Mahder Gebremedhin and
Lena Buffoni and
Peter Aronsson and
Mikael Axin and
Bernhard Bachmann and
Bernhard Thiele and
Vasile Baluta and
Robert Braun and
David Broman and
Stefan Brus and
Francesco Casella and
Filippo Donida and
Anand Ganeson and
Marcus Walther and
Volker Waurich and
Christian Schubert and
Pavel Grozman and
Daniel Hedberg and
Michael Hanke and
Alf Isaksson and
Kim Jansson and
Daniel Kanth and
Tommi Karhela and
Juha Kortelainen and
Abhinn Kothari and
Petter Krus and
Alexey Lebedev and
Oliver Lenord and
Ariel Liebman and
Rickard Lindberg and
Håkan Lundvall and
Abhi Raj Metkar and
Eric Meyers and
Tuomas Miettinen and
Afshin Moghadam and
Maroun Nemer and
Hannu Niemistö and
Peter Nordin and
Kristoffer Norling and
Arunkumar Palanisamy and
Karl Pettersson and
Pavol Privitzer and
Jhansi Reddy and
Reino Ruusu and
Per Sahlin and
Wladimir Schamai and
Gerhard Schmitz and
Alachew Shitahun and
Anton Sodja and
Ingo Staack and
Kristian Stavåker and
Sonia Tariq and
Mohsen Torabzadeh Tari and
Parham Vasaiely and
Niklas Worschech and
Robert Wotzlaw and
Björn Zackrisson and
Azam Zia and
others
},
year = "2015",
month = apr,
url = "https://openmodelica.org/",
urldate = {2015-04-01},
}
