%%%%%%%%%%%%%%%%%%%%%%%%%%%%%%%%%%%%%%%%%%%%%%%%%%%%%%%%%%%%%%%%%%%%%%%%%%%%%%%
%% A bibtex file for OpenModelica-related publications
%%
%% Name the key according to openmodelica.org:AUTHOR:PUBLICATION:YEAR
%%   This is to avoid name conflicts with a user's own bibtex file!
%% Good annotations to use are:
%%   doi = {10.3384/ecp11063232}
%%       Many publications want these added. If you are cited and the DOI
%%       exists, people will generally find your paper very easily.
%%   url = {http://example.com/path/to/site}
%%       Use this to point to a website that contains metadata, abstract
%%       and download page, etc for your paper.
%%   pdf = {http://example.com/path/to/paper.pdf}
%%       If you have uploaded only the pdf, use a pdf link
%%   Avoid using note-style annotations for download links in favour of the
%%       above alternatives.
%%
%% Please order publications in descending order (newest first), grouped
%% according to the following sections.
%%
%% Quick search keys:
%% [*1*] Books
%% [*2*] PhD/Lic theses
%% [*3*] MSc/BSc theses
%% [*4*] Journal articles
%% [*5*] Peer-Review conference and workshop papers
%% [*6*] Technical reports, etc
%% [*7*] Proceedings/books for cross-references
%%       http://en.wikipedia.org/wiki/BibTeX#Cross-referencing
%%%%%%%%%%%%%%%%%%%%%%%%%%%%%%%%%%%%%%%%%%%%%%%%%%%%%%%%%%%%%%%%%%%%%%%%%%%%%%%

%%%%%%%%%%%%%%%%%%%%%%%%%%%%%%%%%%%%%%%%%%%%%%%%%%%%%%%%%%%%%%%%%%%%%%%%%%%%%%%
%% [*1*] Books
%%%%%%%%%%%%%%%%%%%%%%%%%%%%%%%%%%%%%%%%%%%%%%%%%%%%%%%%%%%%%%%%%%%%%%%%%%%%%%%

%%%%%%%%%%%%%%%%%%%%%%%%%%%%%%%%%%%%%%%%%%%%%%%%%%%%%%%%%%%%%%%%%%%%%%%%%%%%%%%
%% [*2*] PhD/Lic theses
%%%%%%%%%%%%%%%%%%%%%%%%%%%%%%%%%%%%%%%%%%%%%%%%%%%%%%%%%%%%%%%%%%%%%%%%%%%%%%%

@PHDTHESIS{openmodelica.org:stavaker:lic:2011,
  author = {Kristian Stavåker},
  title = {Contributions to Parallel Simulation of Equation-Based Models on Graphics Processing Units},
  type = "{Licentiate thesis No 1507}",
  year = {2011},
  address = {Department of Computer and Information Science},
  school = {Linköping University},
  isbn = {978-91-7393-047-5},
  liu = {LIU-TEK-LIC-2011:46},
  url = "http://urn.kb.se/resolve?urn=urn:nbn:se:liu:diva-71270",
  urldate = {2012-01-20},
}

@PHDTHESIS{openmodelica.org:broman:phd:2010,
 author = "David Broman",
 title = "{Meta-Languages and Semantics for Equation-Based Modeling and Simulation}",
 school = "Department of Computer and Information Science, Linköping University",
  type = "{Doctoral thesis No 1333}",
 number = "1333",
 address = "Sweden",
 month = oct,
 year = "2010",
 url = "http://urn.kb.se/resolve?urn=urn:nbn:se:liu:diva-58743",
 urldate = {2011-10-07},
}

@PHDTHESIS{openmodelica.org:pop:phd:2008,
 author = "Adrian Pop",
 title = {Integrated Model-Driven Development Environments for Equation-Based Object-Oriented Languages},
 school = "Department of Computer and Information Science, Linköping University",
 number = "1183",
  type = "{Doctoral thesis No 1183}",
 address = "Sweden",
 month = jun,
 year = "2008",
}

@PHDTHESIS{openmodelica.org:lundvall:lic:2008,
  author = {Håkan Lundvall},
  title = {Automatic Parallelization using Pipelining for Equation-Based Simulation Languages},
  type = "{Licentiate thesis No 1381}",
  year = {2008},
  address = {Department of Computer and Information Science},
  school = {Linköping University},
  isbn = {978-91-7393-799-3},
  liu = {LIU-TEK-LIC-2008:39},
  url = "http://urn.kb.se/resolve?urn=urn:nbn:se:liu:diva-12504",
  urldate = {2011-10-07},
}

@PHDTHESIS{openmodelica.org:aronsson:phd:2006,
  author = {Peter Aronsson},
  title = {Automatic Parallelization of Equation-Based Simulation Programs},
  type = "{Doctoral thesis No 1022}",
  month = jun,
  year = {2006},
  address = {Department of Computer and Information Science},
  school = {Linköping University},
  isbn = {91-85523-68-2},
  url = "http://urn.kb.se/resolve?urn=urn:nbn:se:liu:diva-7446",
  urldate = {2011-10-07},
}

@PHDTHESIS{openmodelica.org:saldamli:phd:2006,
 author = "Levon Saldamli",
 title = "{PDEModelica - A High-Level Language for Modeling with Partial Differential Equations}",
 school = "Department of Computer and Information Science, Linköping University",
 type = "{Doctoral thesis No 1016}",
 number = "1016",
 address = "Sweden",
 month = may,
 year = "2006",
 url = {http://urn.kb.se/resolve?urn=urn:nbn:se:liu:diva-7281},
 urldate = {2011-10-07},
}

@PHDTHESIS{openmodelica.org:bunus:phd:2004,
  author = {Peter Bunus},
  title = {Debugging techniques for equation-based languages},
  year = {2004},
  type = "{Doctoral thesis No 873}",
  address = {Department of Computer and Information Science},
  school = {Linköping University},
  isbn = {91-7373-941-3},
  url = "http://urn.kb.se/resolve?urn=urn:nbn:se:liu:diva-35555",
  urldate = {2011-10-07},
}

@PHDTHESIS{openmodelica.org:bunus:lic:2002,
  author = {Peter Bunus},
  title = {Debugging and Structural Analysis of Declarative Equation-Based Languages},
  type = "{Licentiate thesis No 964}",
  year = {2002},
  address = {Department of Computer and Information Science},
  school = {Linköping University},
  issn = {0280-7971},
  liu = {LiU-Tek-Lic-2002:37},
  url = "http://urn.kb.se/resolve?urn=urn:nbn:se:liu:diva-5727",
  urldate = {2011-10-07},
}

@phdthesis{openmodelica.org:engelson:phd:2000,
  author = {Engelson, Vadim},
  title = {Tools for design, interactive simulation, and visualization of object-oriented models in scientific computing},
  number = {627},
  type = "{Doctoral thesis No 627}",
  address = {Department of Computer and Information Science},
  school = {Linköping University},
  year = {2000},
  url = {http://urn.kb.se/resolve?urn=urn:nbn:se:liu:diva-35606},
  urldate = {2011-10-07},
}

@PHDTHESIS{openmodelica.org:pettersson:phd:citerelated,
  crossref = {openmodelica.org:pettersson:phd},
  note = "Also published in \cite{openmodelica.org:pettersson:lncs:1999}",
}

@PHDTHESIS{openmodelica.org:pettersson:phd,
 author = "Mikael Pettersson",
 title = "{Compiling Natural Semantics}",
 school = "Department of Computer and Information Science, Linköping University",
  type = "{Doctoral thesis No 413}",
 number = "413",
 address = "Sweden",
 year = 1995
}

@book{openmodelica.org:pettersson:lncs:1999,
  author    = {Mikael Pettersson},
  title     = {Compiling Natural Semantics},
  publisher = {Springer},
  series    = {Lecture Notes in Computer Science},
  volume    = {1549},
  year      = {1999},
  isbn      = {3-540-65968-4},
  doi       = {10.1007/b71652},
  bibsource = {DBLP, http://dblp.uni-trier.de}
}

%%%%%%%%%%%%%%%%%%%%%%%%%%%%%%%%%%%%%%%%%%%%%%%%%%%%%%%%%%%%%%%%%%%%%%%%%%%%%%%
%% [*3*] MSc/BSc theses
%%%%%%%%%%%%%%%%%%%%%%%%%%%%%%%%%%%%%%%%%%%%%%%%%%%%%%%%%%%%%%%%%%%%%%%%%%%%%%%

@MASTERSTHESIS{openmodelica.org:alachew:msc:2012,
  author = {Alachew Shitahun},
  title = {Template Based {XML} and {Modelica Unparsers} in {OpenModelica}},
  year = {2012},
  address = {Department of Computer and Information Science},
  school = {Linköping University},
  month = august,
  supervisor = {Supervisor: Olena Rogovchenko},
  examiner = {Examiner: Peter Fritzson},
  isrn = {LIU-IDA/LITH-EX-A--12/046--SE},
  url = "http://urn.kb.se/resolve?urn=urn:nbn:se:liu:diva-81999",
  urldate = {2012-10-02},
}

@MASTERSTHESIS{openmodelica.org:anand:msc:2012,
  author = {Anand Ganeson},
  title = {Design and Implementation of a User Friendly {OpenModelica} - {Python} interface},
  year = {2012},
  address = {Department of Computer and Information Science},
  school = {Linköping University},
  month = august,
  supervisor = {Supervisor: Olena Rogovchenko},
  examiner = {Examiner: Peter Fritzson},
  isrn = {LIU-IDA/LITH-EX-A--12/037--SE},
  url = "http://urn.kb.se/resolve?urn=urn:nbn:se:liu:diva-78992",
  urldate = {2012-08-10},
}

@MASTERSTHESIS{openmodelica.org:jhansi:msc:2012,
  author = {Jhansi Reddy Remala},
  title = {OMSketch: Graphical Sketch Editor in {OpenModelica} Interactive Notebook},
  year = {2012},
  address = {Department of Computer and Information Science},
  school = {Linköping University},
  month = january,
  supervisor = {Supervisor: Mohsen Torabzadeh-Tari},
  supervisor = {Supervisor: Olena Rogovchenko},
  examiner = {Examiner: Peter Fritzson},
  isrn = {LIU-IDA/LITH-EX-A—11/054--SE},
  url = "http://urn.kb.se/resolve?urn=urn:nbn:se:liu:diva-74474",
  urldate = {2012-03-08},
}

@MASTERSTHESIS{openmodelica.org:afshin:msc:2011,
  author = {Afshin Hemmati Moghadam},
  title = {{Modelica} PARallel benchmark suite (MPAR) - a test suite for evaluating the performance of {parallel simulations} of Modelica models},
  year = {2011},
  address = {Department of Computer and Information Science},
  school = {Linköping University},
  month = december,
  supervisor = {Supervisor: Kristian Stavåker},
  examiner = {Examiner: Peter Fritzson},
  isrn = {LIU-IDA/LITH-EX-A—11/042—SE},
  url = "http://urn.kb.se/resolve?urn=urn:nbn:se:liu:diva-72685",
  urldate = {2011-12-05},
}

@MASTERSTHESIS{openmodelica.org:mahder:msc:2011,
  author = {Mahder Gebremedhin},
  title = {{ParModelica}: Extending the Algorithmic Subset of {Modelica} with Explicit Parallel LanguageConstructs for {Multi-core Simulation}},
  year = {2011},
  address = {Department of Computer and Information Science},
  school = {Linköping University},
  month = november,
  supervisor = {Supervisor: Kristian Stavåker},
  examiner = {Examiner: Peter Fritzson},
  isrn = {LIU-IDA/LITH-EX-A—11/043—SE},
  url = "http://urn.kb.se/resolve?urn=urn:nbn:se:liu:diva-71612",
  urldate = {2011-10-26},
}

@MASTERSTHESIS{openmodelica.org:roohul:msc:2011,
  author = {Roohul Halim, Syed Atif Shaharyar.},
  title = {FrontWay PaperFront to OpenModelica Translator},
  year = {2011},
  address = {Department of Computer and Information Science},
  school = {Linköping University},
  month = october,
  supervisor = {Supervisor: Mohsen Torabzadeh-Tari},
  examiner = {Examiner: Peter Fritzson},
  isrn = {LIU-IDA/LITH-EX-A--11/040--SE},
  url = "http://urn.kb.se/resolve?urn=urn:nbn:se:liu:diva-72085",
  urldate = {2011-11-16},
}

@MASTERSTHESIS{openmodelica.org:david:msc:2011,
  author = {David Malo Cid},
  title = {{OpenModelica} for Analog IC Design},
  year = {2011},
  address = {Department of Computer and Information Science},
  school = {Linköping University},
  month = august,
  supervisor = {Supervisor: Mohsen Torabzadeh-Tari},
  examiner = {Examiner: Jacob Wikner },
  isrn = {LITH-IDA/ERASMUS-A---11/001--SE},
  url = "http://urn.kb.se/resolve?urn=urn:nbn:se:liu:diva-70657",
  urldate = {2011-09-14},
}
@MASTERSTHESIS{openmodelica.org:lopez:msc:2011,
  author = {Edgar Alonso Lopez-Rojas},
  title = {{OMCCp}: A {MetaModelica} Based Parser Generator Applied to {Modelica}},
  year = {2011},
  address = {Department of Computer and Information Science},
  school = {Linköping University},
  month = may,
  supervisor = {Supervisor: Martin Sjölund},
  examiner = {Examiner: Peter Fritzson},
  isrn = {LIU-IDA/LITH-EX-A--11/019--SE},
  url = "http://urn.kb.se/resolve?urn=urn:nbn:se:liu:diva-68863",
  urldate = {2011-10-07},
  pdf = "http://liu.diva-portal.org/smash/get/diva2:421575/FULLTEXT01",
}

@MASTERSTHESIS{openmodelica.org:haris:msc:2011,
  author = {Haris Kapidzic},
  title = {Developing a new {2D-plotting} package for {OpenModelica}},
  year = {2011},
  address = {Department of Computer and Information Science},
  school = {Linköping University},
  month = may,
  supervisor = {Supervisor: Mohsen Torabzadeh-Tari},
  supervisor = {Supervisor: Adeel Asghar},
  examiner = {Examiner: Peter Fritzson},
  isrn = {LIU-IDA/LITH-EX-G—11/007—SE},
  url = "http://urn.kb.se/resolve?urn=urn:nbn:se:liu:diva-67955",
  urldate = {2011-05-05},
}

@MASTERSTHESIS{openmodelica.org:asghar:msc:2010,
  author = {Syed Adeel Asghar and Sonia Tariq},
  title = {Design and Implementation of a User Friendly {OpenModelica} Graphical Connection Editor},
  year = {2010},
  address = {Department of Computer and Information Science},
  school = {Linköping University},
  month = dec,
  supervisor = {Supervisor: Mohsen Torabzadeh-Tari},
  examiner = {Examiner: Peter Fritzson},
  isrn = {LIU-IDA/LITH-EX-A--10/047--SE},
  url = "http://urn.kb.se/resolve?urn=urn:nbn:se:liu:diva-65864",
}

@MASTERSTHESIS{openmodelica.org:rickard:msc:2010,
  author = {Rickard Lindberg},
  title = { A Template Based Code Generator for the {OpenModelica} Compiler},
  year = {2010},
  address = {Department of Computer and Information Science},
  school = {Linköping University},
  month = march,
  supervisor = {Supervisor: Kristian Stavåker},
  examiner = {Examiner: Peter Fritzson},
  isrn = {LIU-IDA/LITH-EX-A--10/006--SE},
  url = "http://urn.kb.se/resolve?urn=urn:nbn:se:liu:diva-54463",
  urldate = {2010-03-17},
}

@MASTERSTHESIS{openmodelica.org:vasaiely:bsc:2009,
  author = {Parham Vasaiely},
  title = {Interactive Simulation of {SysML} Models using {Modelica}},
  year = {2009},
  type = {Bachelor's thesis},
  address = {Fakultät Technik und Informatik},
  school = {Hochschule für Angewandte Wissenschaften Hamburg},
  month = aug,
  supervisor = {Supervisor: Bettina Buth},
  examiner = {Examiner: Olaf Zukunft},
  pdf = "http://www.ida.liu.se/labs/pelab/modelica/OpenModelica/Documents/Interactive_Simulation_of_SysML_Models_using_Modelica.pdf",
}

@MASTERSTHESIS{openmodelica.org:oestlund:msc:2009,
  author = {Per Östlund},
  title = {{Simulation of Modelica Models on the CUDA Architecture}},
  year = {2009},
  address = {Department of Computer and Information Science},
  school = {Linköping University},
  month = nov,
  supervisor = {Supervisor: Kristian Stavåker},
  examiner = {Examiner: Peter Fritzson},
  isrn = {LIU-IDA/LITH-EX-A--09/062--SE},
  url = "http://urn.kb.se/resolve?urn=urn:nbn:se:liu:diva-52060",
}

@mastersthesis{openmodelica.org:sjoelund:msc:2009,
  author = {Martin Sjölund},
  title = {Bidirectional External Function Interface Between {Modelica}/{MetaModelica} and {Java}},
  year = {2009},
  address = {Department of Computer and Information Science},
  school = {Linköping University},
  month = aug,
  supervisor = {Supervisor: Adrian Pop},
  examiner = {Examiner: Peter Fritzson},
  isrn = {LIU-IDA/LITH-EX-A--09/041--SE},
  url = {http://urn.kb.se/resolve?urn=urn:nbn:se:liu:diva-20386},
  urldate = {2011-10-07},
  pdf = {http://www.ida.liu.se/~marsj/pdf/marsj_msc_thesis.pdf},
}

@MASTERSTHESIS{openmodelica.org:klas:msc:2009,
  author = {Klas Sjöholm},
  title = { Debugging Equation-Based Languages in {OpenModelica} Environment},
  year = {2009},
  address = {Department of Computer and Information Science},
  school = {Linköping University},
  month = june,
  supervisor = {Supervisor: Peter Bunus },
  examiner = {Examiner: Peter Fritzson},
  isrn = {LIU-IDA/LITH-EX-A--09/017--SE},
  url = "http://urn.kb.se/resolve?urn=urn:nbn:se:liu:diva-19866",
  urldate = {2009-08-14},
}

@MASTERSTHESIS{openmodelica.org:vasile:msc:2009,
  author = {Vasile Baluta},
  title = { Requirements and Inheritance support to {ModelicaML}},
  year = {2009},
  address = {Department of Computer and Information Science},
  school = {Linköping University},
  month = june,
  supervisor = {Supervisor: Adrian Pop},
  examiner = {Examiner: Peter Fritzson},
}

@MASTERSTHESIS{openmodelica.org:henrik:msc:2008,
  author = {Henrik Magnusson},
  title = {Integrated generic {3D }visualization of {Modelica} models},
  year = {2008},
  address = {Department of Computer and Information Science},
  school = {Linköping University},
  month = november,
  supervisor = {Supervisor: Anders Sandholm,
  examiner = {Examiner: Peter Fritzson},
  isrn = {LIU-IDA/LITH-EX-A-08/035-SE},
  url = "http://urn.kb.se/resolve?urn=urn:nbn:se:liu:diva-15453",
  urldate = {2008-11-19},
}

@MASTERSTHESIS{openmodelica.org:eriksson:msc:2008,
  author = {Henrik Eriksson},
  title = {Advanced {OpenModelica} plotting package for {Modelica}},
  year = {2008},
  address = {Department of Computer and Information Science},
  school = {Linköping University},
  month = october,
  supervisor = {Supervisor: Anders Sandholm},
  examiner = {Examiner: Peter Fritzson},
  isrn = {LIU-IDA/LITH-EX-A--08/036--SE},
  url = "http://urn.kb.se/resolve?urn=urn:nbn:se:liu:diva-15075",
  urldate = {2008-10-20},
}

@MASTERSTHESIS{openmodelica.org:kim:msc:2008,
  author = {Kim Jansson and Joel Klinghed},
  title = {Incremental Compilation and Dynamic Loading of Functions in {OpenModelica}},
  year = {2008},
  address = {Department of Computer and Information Science},
  school = {Linköping University},
  month = june,
  supervisor = {Supervisor: Adrian Pop},
  examiner = {Examiner: Peter Fritzson},
  isrn = {LIU-IDA/LITH-EX-A--08/029--SE},
  url = "http://urn.kb.se/resolve?urn=urn:nbn:se:liu:diva-12329",
  urldate = {2008-06-24},
}

@MASTERSTHESIS{openmodelica.org:simon:msc:2008,
  author = {Simon Björklén},
  title = {Extending {Modelica} with High-Level Data Structures: Design and Implementation in {OpenModelica}},
  year = {2008},
  address = {Department of Computer and Information Science},
  school = {Linköping University},
  month = june,
  supervisor = {Supervisor: Adrian Pop},
  examiner = {Examiner: Peter Fritzson},
  isrn = {LIU-IDA/LITH-EX-A--08/030--SE},
  url = "http://urn.kb.se/resolve?urn=urn:nbn:se:liu:diva-12148",
  urldate = {2008-06-23},
}

@mastersthesis{openmodelica.org:akhvlediani:msc:2006,
  author = {David Akhvlediani},
  title = {{ModelicaML}: Design and implementation of a {UML} profile for {Modelica/SysML}},
  year = {2006},
  address = {Department of Computer and Information Science},
  school = {Linköping University},
  month = sep,
  supervisor = {Supervisor: Adrian Pop},
  examiner = {Examiner: Peter Fritzson}
}

@mastersthesis{openmodelica.org:remar:msc:2006,
  author = {Andreas Remar and Elmir Jagudin},
  title = {{Modelica} and {Meta-Modelica} {IDE} plugin for {Eclipse}},
  year = {2006},
  address = {Department of Computer and Information Science},
  school = {Linköping University},
  month = apr,
  supervisor = {Supervisor: Adrian Pop},
  examiner = {Examiner: Peter Fritzson},
  url = {http://www.ida.liu.se/~pelab/modelica/OpenModelica/MDT},
}

@mastersthesis{openmodelica.org:beermann:msc:2005,
  author = {Mattias Beermann},
  title = {Collaborative web content management - Wiki and beyond},
  year = {2005},
  address = {Department of Computer and Information Science},
  school = {Linköping University},
  month = dec,
  supervisor = {Supervisor: Adrian Pop},
  examiner = {Examiner: Peter Fritzson}
}

@mastersthesis{openmodelica.org:carlsson:msc:2005,
  author = {Emil Carlsson},
  title = {Translating Natural Semantics (Relational Meta-Language) to Meta-Modelica},
  year = {2005},
  address = {Department of Computer and Information Science},
  school = {Linköping University},
  month = oct,
  supervisor = {Supervisor: Adrian Pop},
  examiner = {Examiner: Peter Fritzson}
}

@mastersthesis{openmodelica.org:carlsson:karlsson:msc:2005,
  author = {Henrik Carlsson and Johan Karlsson},
  title = {Kontextuell ärendehantering (Workflow Engines)},
  year = {2005},
  address = {Department of Computer and Information Science},
  school = {Linköping University},
  month = feb,
  supervisor = {Supervisor: Adrian Pop},
  examiner = {Examiner: Peter Fritzson}
}

@mastersthesis{openmodelica.org:baluta:msc,
  author = {Vasile Baluta},
  title = {Requirements and Inheritance Support to {ModelicaML}},
  supervisor = {Supervisor: Adrian Pop},
  examiner = {Examiner: Peter Fritzson}
}

%%%%%%%%%%%%%%%%%%%%%%%%%%%%%%%%%%%%%%%%%%%%%%%%%%%%%%%%%%%%%%%%%%%%%%%%%%%%%%%
%% [*4*] Journal articles
%%%%%%%%%%%%%%%%%%%%%%%%%%%%%%%%%%%%%%%%%%%%%%%%%%%%%%%%%%%%%%%%%%%%%%%%%%%%%%%

@article{openmodelica.org:broman:sne:2009,
 author = "David Broman and Peter Fritzson",
 title = "{Higher-Order Acausal Models}",
 journal = "Simulation News Europe",
 volume = "19",
 number = "1",
 year = "2009",
 pages = "5--16",
 publisher = "ARGESIM"
}

@ARTICLE{openmodelica.org:edelfeldt:smpt:2008,
  author    = {Stina Edelfeldt and
               Peter Fritzson},
  title     = {Evaluation and comparison of models and modelling tools
               simulating nitrogen processes in treatment wetlands},
  journal   = {Simulation Modelling Practice and Theory},
  volume    = {16},
  number    = {1},
  year      = {2008},
  pages     = {26-49},
  doi       = {10.1016/j.simpat.2007.08.010},
  bibsource = {DBLP, http://dblp.uni-trier.de}
}

@ARTICLE{openmodelica.org:pop:sne:2007,
  author = {Adrian Pop and David Akhvlediani and Peter Fritzson},
  title = {Towards Unified System Modeling with the {ModelicaML} {UML} Profile},
  journal = {Simulation News Europe},
  volume = {17},
  number = {2},
  pages = {9-15},
  issn = {0929-2268},
  month = sep,
  year = 2007,
}

@ARTICLE{openmodelica.org:fritzson:sne:2005,
author = {Peter Fritzson and Peter Aronsson and Håkan Lundvall and Kaj Nyström and Adrian Pop and Levon Saldamli and David Broman},
title = {{The OpenModelica Modeling, Simulation, and Software Development Environment}},
journal = {Simulation News Europe},
year = {2005},
month = dec,
volume = {44},
number = {45},
}

%%%%%%%%%%%%%%%%%%%%%%%%%%%%%%%%%%%%%%%%%%%%%%%%%%%%%%%%%%%%%%%%%%%%%%%%%%%%%%%
%% [*5*] Peer-Review conference and workshop papers
%%%%%%%%%%%%%%%%%%%%%%%%%%%%%%%%%%%%%%%%%%%%%%%%%%%%%%%%%%%%%%%%%%%%%%%%%%%%%%%

@InProceedings{openmodelica.org:Muhammed:WAMS:2012,
  author    = {Muhammed Zoheb Hossain, Olena Rogovchenko, Mattias Nyberg, Peter Fritzson},
  title     = {An Integrated Toolchain for Model Based Functional Safety Analysis},
  crossref  = {WAMS2012},
  
}

@InProceedings{openmodelica.org:pop:modelica:2012,
  author    = {Adrian Pop, Martin Sjölund, Adeel Asghar, Peter Fritzson, Francesco Casella},
  title     = {Static and Dynamic {Debugging} of {Modelica} Models},
  crossref  = {modelica2012},
}

@InProceedings{openmodelica.org:mahder:modelica:2012,
  author    = {Mahder Gebremedhin, Afshin Hemmati Moghadam, Peter Fritzson, Kristian Stavåker},
  title     = {A Data-Parallel Algorithmic {Modelica} Extension for Efficient Execution on Multi-Core Platforms},
  crossref  = {modelica2012},
  pdf       = {http://www.ep.liu.se/ecp/076/041/ecp12076041.pdf},
}

@InProceedings{openmodelica.org:bernhard:modelica:2012,
  author    = {Bernhard Bachmann, Lennart Ochel, Vitalij Ruge, Mahder Gebremedhin, Peter Fritzson, Vaheed Nezhadali, Lars Eriksson, Martin Sivertsson},
  title     = {Parallel Multiple-Shooting and Collocation {Optimization} with {OpenModelica}},
  crossref  = {modelica2012},
  pdf       = {http://www.ep.liu.se/ecp/076/067/ecp12076067.pdf},
}

@InProceedings{openmodelica.org:sabrina:modelica:2012,
  author    = {Sabrina Proß, Bernhard Bachmann},
  title     = {PNlib - An Advanced Petri Net Library for Hybrid Process Modeling},
  crossref  = {modelica2012},
  pdf       = {http://www.ep.liu.se/ecp/076/004/ecp12076004.pdf},
}

@InProceedings{openmodelica.org:akesson:modelica:2012,
  author    = {J. Åkesson, W.Braun, P.Lindholm, B.Bachmann},
  title     = {Generation of Sparse Jacobians for the Function Mock-Up Interface 2.0},
  crossref  = {modelica2012},
}

@InProceedings{openmodelica.org:willi:modelica:2012,
  author    = {Willi Braun, Stephanie Gallardo Yances, Kilian Link, Bernhard Bachmann},
  title     = {Fast Simulation of Fluid Models with Colored Jacobians},
  crossref  = {modelica2012},
  pdf       = {http://www.ep.liu.se/ecp/076/024/ecp12076024.pdf},
}

@InProceedings{openmodelica.org:feng:modelica:2012,
  author    = {Feng Liang, Wladimir Schamai, Olena Rogovchenko, Sara Sadeghi, Mattias Nyberg, Peter Fritzson},
  title     = {Model-based Requirement Verification : A Case Study},
  crossref  = {modelica2012},
  pdf       = {http://www.ep.liu.se/ecp/076/040/ecp12076040.pdf},
}

@InProceedings{openmodelica.org:jens:modelica:2012,
  author    = {Jens Frenkel, Günter Kunze, Peter Fritzson},
  title     = {Survey of appropriate matching algorithms for large scale systems of differential algebraic equations},
  crossref  = {modelica2012},
  pdf       = {http://www.ep.liu.se/ecp/076/045/ecp12076045.pdf},
}

@InProceedings{openmodelica.org:ganeson:modelica:2012,
  author    = {Anand Ganeson, Peter Fritzson, Olena Rogovchenko, Adeel Asghar, Martin Sjölund, Andreas Pfeiffer},
  title     = {An {OpenModelica} {Python} Interface and its use in PySimulator},
  crossref  = {modelica2012},
}

@InProceedings{openmodelica.org:ronlad:modelica:2012,
  author    = {Roland Samlaus, Peter Fritzson, Adam Zuga, Michael Strobel, Claudio Hillmann},
  title     = {{Modelica} Code Generation with Polymorphic Arrays and Records Used in Wind Turbine Modeling},
  crossref  = {modelica2012},
  pdf       = {http://www.ep.liu.se/ecp/076/083/ecp12076083.pdf},
}

@InProceedings{openmodelica.org:christoph:modelica:2012,
  author    = {Christoph Höger, Alexandra Mehlhase, Christoph Nytsch-Geusen, Karsten Isakovic, Rick Kubiak},
  title     = {{Modelica3D} -Platform Independent Simulation Visualization},
  crossref  = {modelica2012},
}

@InProceedings{openmodelica.org:niklas:modelica:2012,
  author    = {Niklas Worschech , Lars Mikelsons},
  title     = {A Toolchain for Real-Time Simulation using the {OpenModelica} Compiler},
  crossref  = {modelica2012},
  pdf       = {http://www.ep.liu.se/ecp/076/086/ecp12076086.pdf},
}

@InProceedings{openmodelica.org:asghar:MATHMOD:2012,
  author    = {Adeel Asghar, Adrian Pop, Martin Sjölund, and Peter Fritzson},
  title     = {Efficient {Debugging} of Large Algorithmic {Modelica} Applications},
  crossref  = {MATHMOD2012},
  pdf       = {https://www.openmodelica.org/images/docs/2012-02-Asghar-Pop-Sjolund-Fritzson-debugpaper-mathmod2012-Debugging-Algorithmic-Modelica%20copy.pdf},
}

@InProceedings{openmodelica.org:muhammed:MATHMOD:2012,
  author    = {Muhammed Zoheb Hossain, Mattias Nyberg, Olena Rogovchenko and Peter Fritzson},
  title     = {Computerized Model Based Functional Safety Analysis},
  crossref  = {MATHMOD2012},
  pdf       = {https://www.openmodelica.org/images/docs/2012-02-Hossain-Nyberg-Rogovchenko-Fritzson-mathmod2012-Functional-Safety%20copy.pdf},
}

@InProceedings{openmodelica.org:waldimir:TMS/DEVS:2012,
  author    = {Wladimir Schamai, Peter Fritzson, Christiaan J.J. Paredis, and Philipp Helle},
  title     = {{ModelicaML} Value Bindings for Automated Model Composition},
  crossref  = {TMS/DEVS2012},
  pdf       = {https://www.openmodelica.org/images/docs/2012-03-Schamai-Fritzson-Paredis-Helle-TMS2012-ModelicaML-ValueBindings-ModelComposition%20copy.pdf},
}

@InProceedings{openmodelica.org:broman:SAC:2012,
  author    = {David Broman, Peter Fritzson, Görel Hedin, and Johan Åkesson},
  title     = {A comparison of two metacompilation approaches to implementing a complex domain-specific language.},
  crossref  = {SAC2012 },
  http       = {http://www4.lu.se/o.o.i.s?id=12970&postid=2300803},
}

@InProceedings{openmodelica.org:afshin:MCC:2011,
  author    = {Afshin Hemmati Moghadam, Mahder Gebremedhin, Kristian Stavåker, Peter Fritzson},
  title     = {Simulation and Benchmarking of {Modelica} Models on Multi-core Architectures with Explicit Parallel Algorithmic Language Extensions},
  crossref  = {MCC2011},
  pdf       = {http://www.ida.liu.se/conferences/mcc2011/slides/MCC2011-MahderGebremedhin.pdf},
}

@InProceedings{openmodelica.org:mohsen:SIMS:2011,
  author    = {Mohsen Torabzadeh-Tari, Jhansi Reddy Remala, Martin Sjölund, Adrian Pop, and Peter Fritzson},
  title     = {OMSketch — Graphical Sketching in the {OpenModelica} Interactive Book, OMNotebook},
  crossref  = {SIMS2011},
  http       = {http://www.scansims.org/sims2011/},
}

@InProceedings{openmodelica.org:wuzhu:eoolt:2011,
  author    = {Wuzhu Chen, Michaela Huhn, and Peter Fritzson},
  title     = {A Generic {FMU} Interface for {Modelica}},
  crossref  = {eoolt2011},
  pdf       = {http://www.ep.liu.se/ecp/056/003/ecp1105603.pdf},
}

@InProceedings{openmodelica.org:toby:eoolt:2011,
  author    = {Toby Myers, Wladimir Schamai, and Peter Fritzson},
  title     = {Comodeling Revisited: Execution of Behavior Trees in Modelica.},
  crossref  = {eoolt2011},
  pdf       = {http://www.ep.liu.se/ecp/056/011/ecp1105611.pdf},
}

@InProceedings{openmodelica.org:sjoelund:eoolt:2011,
  author    = {Sjölund, Martin and Fritzson, Peter},
  title     = {Debugging Symbolic Transformations in Equation Systems},
  crossref  = {eoolt2011},
  pdf       = {http://www.ep.liu.se/ecp/056/008/ecp1105608.pdf},
}

@InProceedings{openmodelica.org:bouskela:modelica:2011,
  author    = {Bouskela, Daniel and Jardin, Audrey and Benjelloun-Touimi, Zakia and Aronsson, Peter and Fritzson, Peter},
  title     = {Modelling of Uncertainties with {Modelica}},
  crossref  = {modelica2011},
  doi       = {10.3384/ecp11063673},
  pdf       = {http://www.ep.liu.se/ecp/063/075/ecp11063075.pdf},
}

@InProceedings{openmodelica.org:torabzadeh-tari:modelica:2011:omweb,
  author    = {Mohsen-Torabzadeh, Tari and Muhammed Hossain, Zoheb and Fritzson, Peter and Richter, Thomas},
  title     = {{OMWeb} - Virtual Web-based Remote Laboratory for Modelica in Engineering Courses},
  crossref  = {modelica2011},
  doi       = {10.3384/ecp11063153},
  pdf       = {http://www.ep.liu.se/ecp/063/018/ecp11063018.pdf},
}

@InProceedings{openmodelica.org:thieriot:modelica:2011,
  author    = {Thieriot, Hubert and Nemera, Maroun and Torabzadeh-Tari, Mohsen and Fritzson, Peter and Singh, Rajiv and Kocherry, John John},
  title     = {Towards Design Optimization with OpenModelica Emphasizing Parameter Optimization with Genetic Algorithms},
  crossref  = {modelica2011},
  doi       = {10.3384/ecp11063756},
  pdf       = {http://www.ep.liu.se/ecp/063/084/ecp11063084.pdf},
}

@InProceedings{openmodelica.org:torabzadeh-tari:modelica:2011:drcontrol,
  author    = {Torabzadeh-Tari, Mohsen and Sjölund, Martin and Pop, Adrian and Fritzson, Peter},
  title     = {{DrControl} - An Interactive Course Material for Teaching Control Engineering},
  crossref  = {modelica2011},
  doi       = {10.3384/ecp11063801},
  pdf       = {http://www.ep.liu.se/ecp/063/091/ecp11063091.pdf},
}

@InProceedings{openmodelica.org:sjoelund:modelica:2011,
  author    = {Martin Sjölund and Peter Fritzson and Adrian Pop},
  title     = {Bootstrapping a {Modelica} Compiler aiming at {Modelica} 4},
  crossref  = {modelica2011},
  doi       = {10.3384/ecp11063143},
  pdf       = {http://www.ep.liu.se/ecp/063/058/ecp11063058.pdf},
}

@InProceedings{openmodelica.org:frenkel:modelica:2011:benchmark,
  author    = {Jens Frenkel and Christian Schubert and Günter Kunze and Peter Fritzson and Martin Sjölund and Adrian Pop},
  title     = {Towards a Benchmark Suite for {Modelica} Compilers: Large Models},
  crossref  = {modelica2011},
  doi       = {10.3384/ecp11063232},
  pdf       = {https://modelica.org/events/modelica2011/Proceedings/pages/papers/07_1_ID_183_a_fv.pdf},
}

@InProceedings{openmodelica.org:huhn:modelica:2011,
  author    = {Michaela Huhn and Martin Sjölund and Wuzhu Chen and Christan Schulze and Peter Fritzson},
  title     = {Tool Support for {Modelica} Real-time Models},
  crossref  = {modelica2011},
  doi       = {10.3384/ecp11063537},
  pdf       = {https://modelica.org/events/modelica2011/Proceedings/pages/papers/44_1_ID_163_a_fv.pdf},
}

@InProceedings{openmodelica.org:asghar:modelica:2011,
  author    = {Syed Adeel Asghar and Sonia Tariq and Mohsen Torabzadeh-Tari and Peter Fritzson and Adrian Pop and Martin Sjölund and Parham Vasaiely and Wladimir Schamai},
  title     = {An Open Source {Modelica} Graphic Editor Integrated with Electronic Notebooks and Interactive Simulation},
  crossref  = {modelica2011},
  doi       = {10.3384/ecp11063739},
}

@InProceedings{openmodelica.org:willi:modelica:2011,
  author    = {Willi Braun, Lennart Ochel, Bernhard Bachmann},
  title     = {Symbolically Derived Jacobians Using Automatic Differentiation – Enhancement of the OpenModelica Compiler},
  crossref  = {modelica2011},
  pdf       = {https://modelica.org/events/modelica2011/Proceedings/pages/papers/19_4_ID_159_a_fv.pdf},
}

@InProceedings{openmodelica.org:oscar:modelica:2011,
  author    = {Oscar Duarte},
  title     = {UN‐VirtualLab : A web simulation environment of OpenModelica models for educational purposes},
  crossref  = {modelica2011},
  pdf       = {https://modelica.org/events/modelica2011/Proceedings/pages/papers/30_poster_ID__a_fv.pdf},
}

@InProceedings{openmodelica.org:jens:modelica:2011,
  author    = {Jens Frenkel, Günter Kunze, Peter Fritzson, Martin Sjölund, Adrian Pop, and Willi Braun},
  title     = {Towards a Modular and Accessible Modelica Compiler Backend},
  crossref  = {modelica2011},
  pdf       = {https://modelica.org/events/modelica2011/Proceedings/pages/papers/10_3_ID_110_a_fv.pdf},
}

@InProceedings{openmodelica.org:mohsen:EDUCON:2010,
  author    = {Mohsen Torabzadeh-Tari, Peter Fritzson, Adrian Pop, and Martin Sjölund},
  title     = {Generalization of an Active Electronic Notebook for Teaching Multiple Programming Languages},
  crossref  = {EDUCON2010},
  pdf       = {http://ieeexplore.ieee.org/stamp/stamp.jsp?tp=&arnumber=5492457&tag=1},
}

@InProceedings{openmodelica.org:fritzson:ECMFA:2010,
  author    = {Peter Fritzson},
  title     = {Integrated UML-Modelica Model-Based Product Development for Embedded Systems in OPENPROD},
  crossref  = {ECMFA2010},
  http       = {www.ecmfa-2010.org},
}
@InProceedings{openmodelica.org:Christjaan:INCOSE:2010,
  author    = {Christjaan Paredis, Y. Bernard, Roger Burkhart, H.-P. de Koning, Sanford Friedenthal, Peter Fritzson, Nicolas Rouquette, and Wladimir Schamai},
  title     = {An Overview of the SysML-Modelica Transformation Specification},
  crossref  = {INCOSE2010},
  pdf       = {http://www.kth.se/polopoly_fs/1.216153!/Menu/general/column-content/attachment/Paredis_10.10.19.pdf},
}
@InProceedings{openmodelica.org:kessler:ARCS:2010,
  author    = {Christoph Kessler, Wladimir Schamai, Peter Fritzson},
  title     = {Platform-independent modeling of explicitly parallel programs},
  crossref  = {ARCS2010},
  pdf       = {http://ieeexplore.ieee.org/stamp/stamp.jsp?tp=&arnumber=5758990&tag=1},
}

@InProceedings{openmodelica.org:wladimir:EOOLT:2010,
  author    = {Wladimir Schamai, Uwe Pohlmann, Peter Fritzson, Christiaan J.J. Paredis, Philipp Helle, and Carsten Strobel},
  title     = {Execution of UML State Machines Using Modelica},
  crossref  = {EOOLT2010},
  pdf       = {http://www.ep.liu.se/ecp/047/001/ecp4710001.pdf},
}

@InProceedings{openmodelica.org:sjolund:EOOLT:2010,
  author    = {Martin Sjölund, Robert Braun, Peter Fritzson and Petter Krus},
  title     = {Towards Efficient Distributed Simulation in Modelica using Transmission Line Modeling},
  crossref  = {EOOLT2010},
  pdf       = {http://www.ep.liu.se/ecp/047/008/ecp4710008.pdf},
}

@InProceedings{openmodelica.org:stavaker:EOOLT:2010,
  author    = {Kristian Stavåker, Daniel Rolls, Jing Guo, Peter Fritzson, and Sven-Bodo Scholz},
  title     = {Compilation of Modelica Array Computations into Single Assignment C for Efficient Execution on CUDA-enabled GPUs},
  crossref  = {EOOLT2010},
  pdf       = {http://www.sac-home.org/publications/RollSchoJoslStav.pdf},
}

@InProceedings{openmodelica.org:wladimir:ACES:2010,
  author    = {Wladimir Schamai, Philipp Helle, Peter Fritzson, and Christiaan Paredis},
  title     = {Virtual Verication of System Designs against System Requirements},
  crossref  = {ACES2010},
  pdf       = {http://ceur-ws.org/Vol-644/paper05.pdf},
}

@InProceedings{openmodelica.org:ostlund:POOSC:2010,
  author    = {Per Östlund, Kristian Stavåker, Peter Fritzson},
  title     = {Parallel Simulation of Equation-Based Models on CUDA-Enabled GPUs},
  crossref  = {POOSC2010},
}

@InProceedings{openmodelica.org:fritzson:SIMPAR:2010,
  author    = {Peter Fritzson},
  title     = {The Modelica Object-Oriented Equation-Based Language and its OpenModelica Environment with MetaModeling, Interoperability, and Parallel Execution},
  crossref  = {SIMPAR2010},
  http       = {http://link.springer.com/chapter/10.1007%2F978-3-642-17319-6_4,
}

@InProceedings{openmodelica.org:stavaker:MCC:2010,
  author    = {Kristian Stavåker and Peter Fritzson},
  title     = {Generation of Simulation Code from Equation-Based Models for Execution on CUDA-Enabled GPUs},
  crossref  = {MCC2010},
  http       = {http://www.chalmers.se/cse/mcc10-en/program1026},
}

@inproceedings{openmodelica.org:mohsen:Torabzadeh-Tari:2009,
 author = {Mohsen Torabzadeh-Tari, Peter Fritzson, Martin Sjölund, Adrian Pop},
 title = {OpenModelica-Python Interoperability Applied to Monte Carlo Simulation},
 crossref = {modelica2009},
 http       = {http://liu.diva-portal.org/smash/record.jsf?pid=diva2:272206},
}

@inproceedings{openmodelica.org:fritzson:modelica:2009:template,
 author = {Peter Fritzson and Pavol Privitzer and Martin Sjölund and Adrian Pop},
 title = {Towards a Text Generation Template Language for {Modelica}},
 crossref = {modelica2009},
 pages = {193--207},
 doi = {10.3384/ecp09430124},
}

@inproceedings{openmodelica.org:aronsson:modelica:2009,
 author = {Peter Aronsson, David Broman},
 title = {Extendable Physical Unit Checking with Understandable Error Reporting},
 crossref = {modelica2009},
 pdf       = {http://www.ep.liu.se/ecp/043/105/ecp09430027.pdf},
}
 
@inproceedings{openmodelica.org:wladimir:modelica:2009,
 author = {Wladimir Schamai, Peter Fritzson, Chris Paredis, Adrian Pop},
 title = {Towards Unified System Modeling and Simulation with ModelicaML: Modeling of Executable Behavior Using Graphical Notations},
 crossref = {modelica2009},
 pdf       = {https://www.modelica.org/events/modelica2009/Proceedings/memorystick/pages/papers/0081/0081.pdf},
}

@inproceedings{openmodelica.org:casella:modelica:2009,
 author = {Francesco Casella, Filippo Donida and Johan Åkesson},
 title = {An XML Representation of DAE Systems Obtained from Modelica Models},
 crossref = {modelica2009},
 pdf       = {https://www.modelica.org/events/modelica2009/Proceedings/memorystick/pages/papers/0073/0073.pdf},
}

@inproceedings{openmodelica.org:casella:MATHMOD:2009,
 author = {Francesco Casella, Filippo Donida and Marco Lovera},
 title = {Automatic Generation of LFTs from Object-Oriented Non-Linear Models with Uncertain Parameters},
 crossref = {MATHMOD2009},
}

@inproceedings{openmodelica.org:lundvall:CPC:2009,
 author = {Håkan Lundvall, Peter Fritzson},
 title = {Automatic Parallelization using Pipelining for Equation-Based Simulation Languages},
 crossref = {CPC2009},
 http       = {http://liu.diva-portal.org/smash/record.jsf?pid=diva2:290},
}

@InProceedings{openmodelica.org:fritzson:aswec:2009,
  crossref = {aswec2009},
  author = {Peter Fritzson and Adrian Pop and David Broman and Peter Aronsson},
  title = {Formal Semantics Based Translator Generation and Tool Development in Practice},
  doi = {10.1109/ASWEC.2009.46},
  pages = {256-266},
  numpages = {11},
  acmid = {1578581},
  keywords = {Translator, Compiler, Generation, Semantics, Specification},
}

@inproceedings{openmodelica.org:lundvall:CPC:2009,
 author = {Håkan Lundvall, Peter Fritzson},
 title = {Automatic Parallelization using Pipelining for Equation-Based Simulation Languages},
 crossref = {CPC2009},
 http       = {http://liu.diva-portal.org/smash/record.jsf?pid=diva2:290},
}

@inproceedings{openmodelica.org:lundvall:MCC:2008,
 author = {Håkan Lundvall, Kristian Stavåker, Peter Fritzson and Christoph Kessler},
 title = {Automatic Parallelization of Simulation Code for Equation-based Models with Software Pipelining and Measurements on Three Platforms},
 crossref = {MCC2008},
 http       = {http://dl.acm.org/citation.cfm?id=1556451},
}

@inproceedings{openmodelica.org:ericsson:SIMS:2008,
 author = {Ericsson, Magnusson, Fritzson, Pop},
 title = {3D Animation and Programmable 2D Graphics for Visualization of Simulations in OpenModelica},
 crossref = {SIMS2008},
 pdf      = {http://www.scansims.org/sims2008/23.pdf},
}

@inproceedings{openmodelica.org:guy:eoolt:2008,
 author = {Jörn Guy Süß, Peter Fritzson, and Adrian Pop},
 title = { The Impreciseness of UML and Implications for ModelicaML},
 crossref = {eoolt2008},
 pdf      = {http://www.ep.liu.se/ecp/029/003/ecp08029003.pdf},
}

@inproceedings{openmodelica.org:broman:eoolt:2008,
 author = {David Broman and Peter Fritzson},
 title = {Higher-Order Acausal Models},
 crossref = {eoolt2008},
 http     = {http://citeseerx.ist.psu.edu/viewdoc/summary?doi=10.1.1.139.1332},
}

@inproceedings{openmodelica.org:guy:aswec:2008,
 author = {Jörn Guy Süss, Peter Fritzson, Adrian Pop, and Luke Wildman},
 title = { Towards Integrated Model-Driven Testing of SCADA Systems Using the Eclipse Modeling Framework and Modelica},
 crossref = {aswec2008},
 http     = {http://ieeexplore.ieee.org/xpl/articleDetails.jsp?arnumber=4483203},
}

@inproceedings{openmodelica.org:casella:modelica:2008,
 author = {Francesco Casella, Filippo Donida, Bernhard Bachmann and Peter Aronsson},
 title = { Overdetermined Steady-State Initialization Problems in Object-Oriented Fluid System Models},
 crossref = {modelica2008},
 pdf     = {https://www.modelica.org/events/modelica2008/Proceedings/sessions/session3b4.pdf},
}

@InProceedings{openmodelica.org:stavaker:modelica:2008,
  crossref = {modelica2008},
  author = {Kristian Stavåker and Adrian Pop and Peter Fritzson},
  title = {Compiling and Using Pattern Matching in {Modelica}},
  pages = {637-646},
}

@InProceedings{openmodelica.org:pop:modelica:2008,
  crossref = {modelica2008},
  author = {Adrian Pop and Kristian Stavåker and Peter Fritzson},
  title = {Exception Handling for {Modelica}},
  pages = {409-418},
}

@inproceedings{openmodelica.org:pop:sea:2007,
 author = {Adrian Pop, David Akhvlediani, Peter Fritzson},
 title = {Integrated UML and Modelica System Modeling with ModelicaML in Eclipse},
 crossref = {sea2007},
 http     = {http://www.actapress.com/Abstract.aspx?paperId=32114},
}

@inproceedings{openmodelica.org:pop:sims:2007,
 author = {Adrian Pop, David Akhvlediani, and Peter Fritzson},
 title = { Towards Run-time Debugging of Equation-based Object-oriented Languages},
 crossref = {sims2007},
 pdf    = {http://www.ep.liu.se/ecp/027/016/ecp072716.pdf},
}

@inproceedings{openmodelica.org:norling:sims:2007,
 author = {Kristoffer Norling, David Broman, Peter Fritzson, Alexander Siemers, and Dag Fritzson},
 title = { Secure Distributed Co-Simulation over Wide Area Networks},
 crossref = {sims2007},
 pdf     = {http://citeseerx.ist.psu.edu/viewdoc/download?doi=10.1.1.119.3774&rep=rep1&type=pdf},
}

@inproceedings{openmodelica.org:lundvall:europvm:2007,
 author = {Håkan Lundvall and Peter Fritzson},
 title = {Automatic Parallelization of Object Oriented Models Executed with Inline Solvers},
 crossref = {europvm2007},
 http     = {http://link.springer.com/chapter/10.1007%2F978-3-540-75416-9_49},
}

@inproceedings{openmodelica.org:lundvall:eurosim:2007,
 author = {Håkan Lundvall and Peter Fritzson},
 title = {Automatic Parallelization of Object Oriented Models across Method and System},
 crossref = {eurosim2007},
 pdf     = {hhttp://www.ida.liu.se/~petfr/paperlinks/2007-09-Lundvall-Fritzson-eurosim-parallelModelica.pdf},
}

@inproceedings{openmodelica.org:pop:eoolt:2007,
 author = {Adrian Pop, David Akhvlediani, Peter Fritzson},
 title = {Towards Unified System Modeling with the ModelicaML UML Profile},
 crossref = {eoolt2007},
 slide     = {http://www.ida.liu.se/labs/pelab/conf/eoolt07/pres/presentation-paper2.pdf},
 paper     = {http://www.ep.liu.se/ecp_home/index.en.aspx?issue=024},
}

@inproceedings{openmodelica.org:broman:eoolt:2007,
 author = {David Broman and Peter Fritzson},
 title = {Abstract Syntax Can Make the Definition of Modelica Less Abstract},
 crossref = {eoolt2007},
 slide     = {http://www.ida.liu.se/labs/pelab/conf/eoolt07/pres/presentation-paper10.pdf},
 paper     = {http://www.ep.liu.se/ecp_home/index.en.aspx?issue=024},
}

@inproceedings{openmodelica.org:bachmann:eoolt:2007,
 author = {Bernhard Bachmann, Peter Aronsson, and Peter Fritzson},
 title = { Robust Initialization of Differential Algebraic Equations},
 crossref = {eoolt2007},
 slide     = {http://www.ida.liu.se/labs/pelab/conf/eoolt07/pres/presentation-paper14.pdf},
 paper     = {http://www.ep.liu.se/ecp_home/index.en.aspx?issue=024},
}

@inproceedings{openmodelica.org:fritzson:aplimat:2007,
 author = {Peter Fritzson, Erik Ulfhielm, Ales Belic, Martin Fransson, Henrik Gréen},
 title = {Biochemical Mathematical Modeling with Modelica},
 crossref = {aplimat2007},
}

@inproceedings{openmodelica.org:siemers:anipla:2006,
 author = {Alexander Siemers, Dag Fritzson, and Peter Fritzson},
 title = {Meta-Modeling for Multi-Physics Co-Simulations applied for OpenModelica},
 crossref = {anipla2006},
}

@inproceedings{openmodelica.org:broman:gpce:2006,
 author = {David Broman, Kaj Nyström, and Peter Fritzson},
 title = {Determining Over- and Under-Constrained Systems of Equations using Structural Constraint Delta},
 crossref = {gpce2006},
 pdf     = {http://www.bromans.com/david/publ/gpce2006-constraint-delta-final-corrected.pdf},
}

@inproceedings{openmodelica.org:claeys:eadc:2006,
 author = {Filip Claeys, Maria Chtepen, Peter Fritzson, Peter Vanrolleghem},
 title = {Towards Transparent Distributed Execution in the Tornado Framework},
 crossref = {eadc2006},
 http    = {https://biblio.ugent.be/publication/388354},
}

@inproceedings{openmodelica.org:claeys:emss:2006:Boosting,
 author = {Filip Claeys, Peter Vanrolleghem, and Peter Fritzson},
 title = {Boosting the Efficiency of Compound Virtual Experiments through a Priori Exploration of the Solver Setting Space},
 crossref = {emss2006},
 pdf     = {http://biomath.ugent.be/~peter/ftp/pvr706.pdf},
}

@inproceedings{openmodelica.org:claeys:emss:2006,
 author = {Filip Claeys, Peter Vanrolleghem, and Peter Fritzson},
 title = {A Generalized Framework for Abstraction and Dynamic Loading of Numerical Solvers},
 crossref = {emss2006},
 pdf     = {http://biomath.ugent.be/~peter/ftp/pvr727.pdf},
}

@inproceedings{openmodelica.org:fritzson:cacsd:2006,
 author = {Peter Fritzson, Peter Aronsson, Håkan Lundvall, Kaj Nyström, Adrian Pop, Levon Saldamli, and David Broman},
 title = {OpenModelica - A Free Open-Source Environment for System Modeling, Simulation, and Teaching},
 crossref = {cacsd2006},
 http    = {http://ieeexplore.ieee.org/xpls/abs_all.jsp?arnumber=4776878&tag=1},
}

@inproceedings{openmodelica.org:pop:jmlc:2006,
 author = {Adrian Pop and Peter Fritzson},
 title = {MetaModelica: A Unified Equation-Based Semantical and Mathematical Modeling Language},
 crossref = {jmlc2006},
 http     = {http://link.springer.com/chapter/10.1007%2F11860990_14},
}

@inproceedings{openmodelica.org:jagudin:sims:2006,
 author = {Elmir Jagudin, Andreas Remar, Adrian Pop, and Peter Fritzson},
 title = {OpenModelica MDT Eclipse Plugin for Modelica Development, Code Browsing, and Simulation},
 crossref = {sims2006},
 pdf     = {https://www.modelica.org/publications/papers/2006-09-Jagudin-Remar-Pop-Fritzson-SIMS06-MDTEclipse.pdf},
}

@inproceedings{openmodelica.org:fransson:sims:2006,
 author = {Martin Fransson, Peter Fritzson, Malin Lindqvist, and Curt Peterson},
 title = {A Preliminary Study of Modeling and Simulation in Individualized Drug Dosage - Azathioprine on Inflammatory Bowel Disease},
 crossref = {sims2006},
 pdf     = {https://www.modelica.org/publications/papers/2006-09-Fransson-Fritzson-Lindqvist-Peterson-SIMS06-drugdosage.pdf},
}

@inproceedings{openmodelica.org:sandholm:sims:2006,
 author = {Anders Sandholm, Peter Fritzson, Gunilla Nilsson, and Göran Petersson},
 title = {Towards a Flexible General Training Simulator Platform Based on Modelica},
 crossref = {sims2006},
 pdf     = {https://www.modelica.org/publications/papers/2006-09-30-Sandholm-Fritzson-etal-SIMS06-training-sim.pdf},
}

@InProceedings{openmodelica.org:pop:modelica:2006,
  crossref = {modelica2006},
  author = {Adrian Pop and Peter Fritzson and Andreas Remar and Elmir Jagudin and David Akhvlediani},
  title = {{OpenModelica} Development Environment with {Eclipse} Integration for Browsing, Modeling, and Debugging},
}

@inproceedings{openmodelica.org:kessler:para:2006,
 author = {Christoph Kessler and Peter Fritzson},
 title = {NestStepModelica - Mathematical Modeling and Bulk-Synchronous Parallel Simulation},
 crossref = {para2006},
 http     = {http://link.springer.com/chapter/10.1007%2F978-3-540-75755-9_118},
}

@inproceedings{openmodelica.org:fernstrom:rise:2006,
 author = {Anders Fernström, Ingemar Axelsson, Peter Fritzson, Anders Sandholm, Adrian Pop},
 title = {OMNotebook - Interactive WYSIWYG Book Software for Teaching Programming},
 crossref = {rise2006},
 pdf     = {https://www.modelica.org/publications/papers/2006-03-10-Fernstrom-etal-TeachingWorkshop-NotebookTeaching.pdf},
}

@inproceedings{openmodelica.org:edelfeldt:sims:2005,
 author = {Stina Edelfeldt and Peter Fritzson},
 title = {Evaluation and Comparison of Models and Modeling Tools Simulating Nitrogen Processes in Wetlands},
 crossref = {sims2005},
 pdf     = {http://scansims.org/sims2005/SIMS2005_33.pdf},
}

@inproceedings{openmodelica.org:fritzson:sims:2005,
 author = {Peter Fritzson, Peter Aronsson, Håkan Lundvall, Kaj Nyström, Adrian Pop, Levon Saldamli, David Broman},
 title = {The OpenModelica Modeling, Simulation, and Development Environment},
 crossref = {sims2005},
 pdf     = {http://scansims.org/sims2005/SIMS2005_58.pdf},
}

@inproceedings{openmodelica.org:lundvall:sims:2005,
 author = {Håkan Lundvall and Peter Fritzson},
 title = {Event Handling in the OpenModelica Compiler and Run-time System},
 crossref = {sims2005},
 pdf     = {https://www.modelica.org/publications/papers/2005-10-Lundvall-Fritzson-SIMS05-EventsinOpenModelica.pdf},
}

@inproceedings{openmodelica.org:larsdotter:biomedsim:2005,
 author = {Emma Larsdotter Nilsson and Peter Fritzson},
 title = {Biochemical and Metabolic Modeling with Modelica},
 crossref = {biomedsim2005},
 pdf     = {https://www.modelica.org/publications/papers/2005-05-LarsdotterNilsson-Fritzson-BioMedSim2005-MetabolicModeling.pdf},
}

@inproceedings{openmodelica.org:broman:simsafe:2005,
 author = {David Broman and Peter Fritzson},
 title = {Ideas for Security Assurance in Data Communication Services Using Modelica},
 crossref = {simsafe2005},
 pdf     = {https://www.modelica.org/publications/papers/2005-05-Broman-Fritzson-SIMSAFE05-securityModelica.pdf},
}

@InProceedings{openmodelica.org:fritzson:modelica:2005,
  crossref = {modelica2005},
  author = {Peter Fritzson and Adrian Pop and Peter Aronsson},
  title = {Comprehensive Meta-Modeling and Meta-Programming Capabilities in {Modelica}}
}

@inproceedings{openmodelica.org:nystrom:sims:2004,
 author = {Kaj Nyström, Peter Aronsson and Peter Fritzson},
 title = {GridModelica - A Modeling and Simulation Framework for the Grid},
 crossref = {sims2004},
 pdf     = {https://www.modelica.org/publications/papers/2004-09-Kaj-SIMS2004-GRIDMODELICA.pdf},
}

@inproceedings{openmodelica.org:pop:sims:2004,
 author = {Adrian Pop, Olof Johansson, and Peter Fritzson},
 title = {An integrated framework for model-driven design and development using Modelica},
 crossref = {sims2004},
 pdf     = {http://citeseerx.ist.psu.edu/viewdoc/download?doi=10.1.1.62.9407&rep=rep1&type=pdf},
}

@inproceedings{openmodelica.org:lundvall:sims:2004,
 author = {Håkan Lundvall, Peter Bunus, Peter Fritzson},
 title = {Towards Automatic Generation of Model Checkable Code from Modelica},
 crossref = {sims2004},
 pdf     = {https://www.modelica.org/publications/papers/2004-09-Lundvall-sims2004-040812.pdf},
}

@inproceedings{openmodelica.org:saldamli:sims:2004,
 author = {Levon Saldamli and Peter Fritzson},
 title = {Field Type and Field Constructor in Modelica},
 crossref = {sims2004},
}

@inproceedings{openmodelica.org:aronsson:eurosim:2004,
 author = {Peter Aronsson and Peter Fritzson},
 title = {Automatic Parallelization in OpenModelica.},
 crossref = {eurosim2004},
}

@inproceedings{openmodelica.org:idebrant:eurosim:2004,
 author = {Andreas Idebrant and Peter Fritzson},
 title = {Aircraft - A Modelica Library for Aircraft Dynamics Simulation},
 crossref = {eurosim2004},
 pdf     = {https://www.modelica.org/publications/papers/2004-09-Idebrant-Fritzson-AircraftLib-Eurosim.pdf},
}

@inproceedings{openmodelica.org:engelson:eurosim:2004,
 author = {Vadim Engelson, Peter Fritzson, and Ulf Sellgren},
 title = {An Easy-to-use Generic Model Configurator for Models in Multiple Tool Formats},
 crossref = {eurosim2004},
 pdf     = {https://www.modelica.org/publications/papers/2004-09-Engelson-Fritzson-Sellgren-Eurosim-Configurator.pdf},
}

@inproceedings{openmodelica.org:fritzson:simsafe:2004,
 author = {Fritzson Peter, Engelson V, Idebrant A, Aronsson P, Lundvall H, Bunus P, Nyström K},
 title = {Modelica - A Strongly Typed System Specification Language for Safe Engineering Practices},
 crossref = {simsafe2004},
 pdf     = {https://www.modelica.org/publications/papers/2004-05-Fritzson-Engelson-Idebrant-Aronsson-Simsafe-ModelicaSafety.pdf},
}

@inproceedings{openmodelica.org:evalena:iscs:2003,
 author = {Lengquist-Sandelin Eva-Lena, Susanna Monemar, Peter Fritzson, and Peter Bunus},
 title = {DrModelica - An Interactive Environment for Learning Modelica and Modeling using MathModelica},
 crossref = {iscs2003},
 pdf     = {https://www.modelica.org/publications/papers/2003-11-29-Sandelin-Monemar-Fritzson-Bunus-ICSCItaly-DrModelica.pdf},
}

@inproceedings{openmodelica.org:bunus:ieee:2003,
 author = {Peter Bunus and Peter Fritzson},
 title = {Semi-Automatic Fault Localization and Behaviour Verification for Physical System Simulation Models},
 crossref = {ieee2003},
 http    = {http://ieeexplore.ieee.org/xpl/articleDetails.jsp?arnumber=1240315},
}

@inproceedings{openmodelica.org:lundvall:sims:2003,
 author = {Håkan Lundvall and Peter Fritzson},
 title = {Modeling Concurrent Activities and Resource Sharing in Modelica.},
 crossref = {sims2003},
 pdf     = {http://scansims.org/sims2003/papers/SIMS2003_14.pdf},
}

@inproceedings{openmodelica.org:engelson:sims:2003,
 author = {Vadim Engelson, Peter Bunus, Lucian Popescu, and Peter Fritzson},
 title = {Mechanical CAD with Multibody Dynamic Analysis Based on Modelica Simulation},
 crossref = {sims2003},
 pdf     = {http://scansims.org/sims2003/papers/SIMS2003_34.pdf},
}

@inproceedings{openmodelica.org:evalena:sims:2003,
 author = {Eva-Lena Lengquist-Sandelin, Susanna Monemar, Peter Fritzson, and Peter Bunus},
 title = {DrModelica – A Web-Based Teaching Environment for Modelica},
 crossref = {sims2003},
 pdf     = {http://scansims.org/sims2003/papers/SIMS2003_3.pdf},
}

@inproceedings{openmodelica.org:aronsson:compilers:2003,
 author = {Peter Aronsson, Peter Fritzson},
 title = {Task Merging and Replication Using Graph Rewriting},
 crossref = {compilers2003},
 http     = {http://citeseerx.ist.psu.edu/viewdoc/summary?doi=10.1.1.7.9285},
}

@inproceedings{openmodelica.org:aronsson:sims:2002,
 author = {Peter Aronsson, Peter Fritzson, Levon Saldamli, and Peter Bunus},
 title = {Incremental declaration handling in Open Source Modelica},
 crossref = {sims2002},
 pdf     = {https://www.modelica.org/publications/papers/2002-09_aronsson_sims-incrdeclhandlingmodelica.pdf},
}

@inproceedings{openmodelica.org:endelson:sims:2002,
 author = {Vadim Engelson, Peter Fritzson},
 title = {Distributed Simulation Environment for Heterogeneous Computer Clusters},
 crossref = {sims2002},
 pdf     = {https://www.modelica.org/publications/papers/2002-09_engelson_sims-distrsimulationenvironment.pdf},
}

@inproceedings{openmodelica.org:bunus:lncs:2002,
 author = {Peter Bunus, Peter Fritzson},
 title = {A Debugging Scheme for Declarative Equation Based Modeling Languages},
 crossref = {lncs2002},
 http    = {http://link.springer.com/chapter/10.1007%2F3-540-45587-6_18},
}

@inproceedings{openmodelica.org:saldamli:sims:2001,
 author = {Levon Saldamli, Peter Fritzson},
 title = {Domains and Partial Differential Equations in Modelica},
 crossref = {sims2001},
 pdf     = {http://www.scansims.org/sims2001/SIMS2001/Papers/Paper07%20-%20L.Saldamli%20%28sims2001Saldamli_v2%29.pdf},
}

@inproceedings{openmodelica.org:saldamli:eurosim:2001,
 author = {Levon Saldamli, Peter Fritzson},
 title = {A Modelica-Based Language for Object-Oriented Modeling with Partial Differential Equations},
 crossref = {eurosim2001},
}

@inproceedings{openmodelica.org:endelson:ieee:2000,
 author = {Vadim Engelson, Dag Fritzson, Peter Fritzson},
 title = {Lossless Compression of High-Volume Numerical Data for Simulations},
 crossref = {ieee2000},
 http     = {http://ieeexplore.ieee.org/xpl/articleDetails.jsp?arnumber=838221},
}

@inproceedings{openmodelica.org:mats:ims:1999,
 author = {Jirstrand Mats, Johan Gunnarsson, and Peter Fritzson},
 title = {A New Modeling and Simulation Environment for Modelica},
 crossref = {ims1999},
 pdf     = {https://www.modelica.org/publications/papers/1999-08-jirstrand-gunnarsson-fritzson-IMS99-MathModelica.pdf},
}

@inproceedings{openmodelica.org:andreas:ims:1999,
 author = {Wrangsjö, Andreas, Fritzson, Fritzson, and Sheshadri, K},
 title = {Transforming Systems of PDEs for Efficient Numerical Solution},
 crossref = {ims1999},
 pdf     = {http://south.rotol.ramk.fi/IMS/IMS99/paper7/Transformations.pdf},
}

@inproceedings{openmodelica.org:fritzson:ecoop:1998,
 author = {Fritzson, P., Engelson, V.},
 title = {Modelica - A Unified Object-Oriented Language for System Modeling and Simulation},
 crossref = {ecoop1998},
 pdf     = {http://reference.kfupm.edu.sa/content/m/o/modelica___a_unified_object_oriented_lan_100068.pdf},
}

@inproceedings{openmodelica.org:fritzson:simulation:1998,
 author = {Fritzson, P., Engelson, V., Gunnarsson, J.},
 title = {An Integrated Modelica Environment for Modeling, Documentation and Simulation},
 crossref = {simulation1998},
 pdf    = {http://citeseerx.ist.psu.edu/viewdoc/download?doi=10.1.1.16.6427&rep=rep1&type=pdf},
}

@inproceedings{openmodelica.org:kagedal:simulation:1998,
 author = {Kågedal, D., Fritzson, P.},
 title = { Generating a Modelica Compiler from Natural Semantics Specifications},
 crossref = {simulation1998},
 pdf     = {http://citeseerx.ist.psu.edu/viewdoc/download?doi=10.1.1.30.3520&rep=rep1&type=pdf},
}
@inproceedings{openmodelica.org:fritzson:para:1998,
 author = {Peter Fritzson},
 title = {Language for Equation- based Physical Modeling and High Performance Simulation},
 crossref = {para1998},
 pdf    = {https://www.modelica.org/publications/papers/1998-06-fritzson-para98LNCS1541-equationbasedmodelingandHighPerformance.pdf},
}


%%%%%%%%%%%%%%%%%%%%%%%%%%%%%%%%%%%%%%%%%%%%%%%%%%%%%%%%%%%%%%%%%%%%%%%%%%%%%%%
%% [*6*] Technical reports, etc
%%%%%%%%%%%%%%%%%%%%%%%%%%%%%%%%%%%%%%%%%%%%%%%%%%%%%%%%%%%%%%%%%%%%%%%%%%%%%%%

@MISC{openmodelica.org:fritzson:meta:2005:citerelated,
   crossref = {openmodelica.org:fritzson:meta:2005},
   note = "Later versions \cite{openmodelica.org:fritzson:meta:2007:citerelated,openmodelica.org:fritzson:meta1.0:citerelated}"
 }

@MISC{openmodelica.org:fritzson:meta:2007:citerelated,
   crossref = {openmodelica.org:fritzson:meta:2007},
   note = "Slightly updated version of \cite{openmodelica.org:fritzson:meta:2005:citerelated}; later update \cite{openmodelica.org:fritzson:meta1.0:citerelated}.",
}

@techreport{openmodelica.org:fritzson:meta1.0:citerelated,
   crossref = {openmodelica.org:fritzson:meta1.0:2011},
   note = "Almost identical to \cite{openmodelica.org:fritzson:meta:2007:citerelated}, but tech. report."
}

@MISC{openmodelica.org:fritzson:meta:2005,
   author = "Peter Fritzson",
   title = "Language Modeling and Symbolic Transformations with {Meta-Modelica}",
   year = "2005",
   url = "http://openmodelica.org",
   urldate = {2011-10-07},
 }

@MISC{openmodelica.org:fritzson:meta:2007,
   author = "Peter Fritzson",
   title = "Language Modeling and Symbolic Transformations with {Meta-Modelica}",
   year = "2007",
   url = "http://openmodelica.org",
   urldate = {2011-10-07},
 }

@techreport{openmodelica.org:fritzson:meta2.0:2011,
author = {Fritzson, Peter and Pop, Adrian and Sj{\"o}lund, Martin},
institution = {Linköping University, PELAB - Programming Environment Laboratory},
pages = {297},
publisher = {Linköping University Electronic Press},
title = {Towards {Modelica} 4 Meta-Programming and Language Modeling with {MetaModelica} 2.0},
series = {Technical reports in Computer and Information Science},
number = {2011:10},
year = {2011},
url = {http://urn.kb.se/resolve?urn=urn:nbn:se:liu:diva-68361},
urldate = {2011-10-07},
}

@techreport{openmodelica.org:fritzson:meta1.0:2011,
author = {Fritzson, Peter and Pop, Adrian},
institution = {Linköping University, PELAB - Programming Environment Laboratory},
pages = {211},
publisher = {Linköping University Electronic Press},
title = {Meta-Programming and Language Modeling with {MetaModelica} 1.0},
series = {Technical reports in Computer and Information Science},
number = {9},
year = {2011},
url = {http://urn.kb.se/resolve?urn=urn:nbn:se:liu:diva-66440},
urldate = {2011-10-07},
}

%%%%%%%%%%%%%%%%%%%%%%%%%%%%%%%%%%%%%%%%%%%%%%%%%%%%%%%%%%%%%%%%%%%%%%%%%%%%%%%
%% [*7*] Proceedings for cross-reference
%%%%%%%%%%%%%%%%%%%%%%%%%%%%%%%%%%%%%%%%%%%%%%%%%%%%%%%%%%%%%%%%%%%%%%%%%%%%%%%

@PROCEEDINGS{eoolt2007,
 key = {EOOLT 2007},
 editor = {Peter Fritzon and Fran\c{c}ois Cellier and Christoph Nytsch-Geusen},
 title     = {Proceedings of the 1st International Workshop on Equation-Based Object-Oriented Modeling Languages and Tools},
 booktitle = {Proceedings of the 1st International Workshop on Equation-Based Object-Oriented Modeling Languages and Tools},
 year = {2007},
 month = jul,
 location = {Berlin, Germany},
 issn = {1650-3740},
 publisher = {Linköping University Electronic Press},
 url = {http://www.ep.liu.se/ecp/024/},
 urldate = {2011-10-07},
}

@PROCEEDINGS{eoolt2010,
 key = {EOOLT 2010},
 editor = {Peter Fritzon and Edward Lee and Fran\c{c}ois Cellier and David Broman},
 title     = {Proceedings of the 3rd International Workshop on Equation-Based Object-Oriented Modeling Languages and Tools},
 booktitle = {Proceedings of the 3rd International Workshop on Equation-Based Object-Oriented Modeling Languages and Tools},
 year = {2010},
 month = {October},
 issn = {1650-3686},
 location = {Oslo, Norway},
 publisher = {Linköping University Electronic Press},
 url = {http://www.ep.liu.se/ecp/047/},
 urldate = {2011-10-07},
}

@PROCEEDINGS{eoolt2011,
 key = {EOOLT 2011},
 editor = {Fran\c{c}ois Cellier and David Broman and Peter Fritzon and Edward Lee},
 title     = {Proceedings of the 4th International Workshop on Equation-Based Object-Oriented Modeling Languages and Tools},
 booktitle = {Proceedings of the 4th International Workshop on Equation-Based Object-Oriented Modeling Languages and Tools},
 year = {2011},
 month = {September},
 issn = {1650-3740},
 location = {Zürich, Switzerland},
 publisher = {Linköping University Electronic Press},
 url = {http://www.ep.liu.se/ecp_home/index.en.aspx?issue=056},
 urldate = {2011-11-15},
}

@PROCEEDINGS{sims2007,
 key = {SIMS 2007},
 editor   = {Peter Bunus and Dag Fritzson and Claus Führer},
 title     = {Proceedings of the 48th Scandinavian Conference on Simulation and Modeling (SIMS)},
 booktitle = {Proceedings of the 48th Scandinavian Conference on Simulation and Modeling (SIMS)},
 year      = {2007},
 month     = oct,
}

@proceedings{aswec2009,
 title = {ASWEC '09: Proceedings of the 2009 Australian Software Engineering Conference},
 booktitle = {ASWEC '09: Proceedings of the 2009 Australian Software Engineering Conference},
 editor = {Colin Fidge},
 year = {2009},
 isbn = {978-0-7695-3599-9},
 issn = {1530-0803},
 publisher = {IEEE Computer Society},
 address = {Washington, DC, USA}
} 

@PROCEEDINGS{modelica2002,
 key = {Modelica'2002},
 editor    = {Martin Otter},
 title     = {Proceedings of the 2nd International Modelica Conference},
 booktitle = {Proceedings of the 2nd International Modelica Conference},
 year      = {2002},
 month     = mar,
 publisher = {Modelica Association},
}

@PROCEEDINGS{modelica2005,
 key = {Modelica'2005},
 editor    = {Gerhard Schmitz},
 title     = {Proceedings of the 4th International Modelica Conference},
 booktitle = {Proceedings of the 4th International Modelica Conference},
 year      = {2005},
 month     = mar,
}

@PROCEEDINGS{modelica2006,
 key = {Modelica'2006},
 editor    = {Christian Kral and Anton Haumer},
 title     = {Proceedings of the 5th International Modelica Conference},
 booktitle = {Proceedings of the 5th International Modelica Conference},
 year      = {2006},
 month     = sep,
}

@PROCEEDINGS{modelica2008,
 key = {Modelica'2008},
 editor = {Bernhard Bachmann},
 title = {Proceedings of the 6th International Modelica Conference},
 booktitle = {Proceedings of the 6th International Modelica Conference},
 location = {Bielefeld, Germany},
 publisher = {Modelica Association},
 year = {2008},
 month = mar,
}

@PROCEEDINGS{modelica2009,
 title = {Proceedings of the 7th International Modelica Conference},
 booktitle = {Proceedings of the 7th International Modelica Conference},
 editor = {Francesco Casella},
 year = {2009},
 month = sep,
 isbn = {978-91-7393-513-5},
 location = {Como, Italy},
 publisher = {Linköping University Electronic Press},
 doi = {10.3384/ecp0943},
}

@PROCEEDINGS{modelica2011,
 key = {Modelica'2011},
 editor = {Christoph Clauß},
 title = {Proceedings of the 8th International Modelica Conference},
 booktitle = {Proceedings of the 8th International Modelica Conference},
 location = {Dresden, Germany},
 publisher = {Linköping University Electronic Press},
 year = {2011},
 month = mar,
 doi = {10.3384/ecp11063},
}


@PROCEEDINGS{modelica2012,
 key = {Modelica'2012},
 editor = {Martin Otter and Dirk Zimmer},
 title = {Proceedings of the 9th International Modelica Conference},
 booktitle = {Proceedings of the 9th International Modelica Conference},
 location = {Munich, Germany},
 publisher = {Linköping University Electronic Press},
 year = {2012},
 month = sep,
 doi = {10.3384/ecp12076},
}

@PROCEEDINGS{mathmod2012,
 key = {MATHMOD 2012},
 title = {Proceedings of MATHMOD 2012 - 7th Vienna International Conference on Mathematical Modelling},
 location = {Vienna, Austria},
 year = {2012},
 month = feb,
}
